@inbook{Leskovec_Rajaraman_Ullman_2022, place={Cambridge etc.}, title={5}, booktitle={Mining of massive datasets}, publisher={Cambridge University Press}, author={Leskovec, Jurij and Rajaraman, Anand and Ullman, Jeffrey David}, year={2022}, pages={175â€“212}}

@online{YouTube_2020,title = {How Google's PageRank Algorithm Works}, url={https://www.youtube.com/watch?v=meonLcN7LD4}, journal={YouTube}, publisher={ Spanning Tree}, year={2020}, month={Jun}}

@misc{Stochastic_Matrices, title={Stochastic Matrices - ML Wiki}, url={http://mlwiki.org/index.php/Stochastic_Matrices}, publisher={ML Wiki}} 

@misc{Power_Iteration, title={Power Iteration - ML Wiki}, url={http://mlwiki.org/index.php/Power_Iteration}, publisher={ML Wiki}} 

@inbook{power_method,title={CHAPTER 10 NUMERICAL METHODS}, url={https://ergodic.ugr.es/cphys/lecciones/fortran/power_method.pdf}} 

@book{Various_proofs_of_the_Fundamental, title = {Various proofs of the Fundamental Theorem of Markov Chains}, url={https://arxiv.org/pdf/2204.00784.pdf?fbclid=IwAR0vperv7djeRpsma3kK-H2bOSO_9aTwCB1t7qRr31jXgLYJbJ0XN-9QshY}, journal={Various proofs of the Fundamental Theorem of Markov Chains}, institution={IIT Goa}}

@misc{Primitive_Stochastic_Matrices,title = {Primitive Stochastic Matrices}, url={https://mast.queensu.ca/~math211/m211oh/m211oh98.pdf?fbclid=IwAR3YBPofAS-aZ6ONYJP_WB9jgtsHjjH4rEWEYkKEkmN_807cFvZEewjQIoM}, journal={Queens University}} 

@misc{lecture3,title = {PageRank Algorithm - The Mathematics of Google Search},url = {http://pi.math.cornell.edu/~mec/Winter2009/RalucaRemus/Lecture3/lecture3.html}}

@online{Youtube_Dangling_Node,title={2 10 Why Teleports Solve the Problem 12 26},url={https://www.youtube.com/watch?v=VoYMFLvDnv0&t=231s}}
%@online{ten,title ={},url={}}

%https://arxiv.org/pdf/2204.00784.pdf
%http://pi.math.cornell.edu/~mec/Winter2009/RalucaRemus/Lecture3/lecture3.html?fbclid=IwAR2UbDkU4mQIAwXxcYI5MGipcYfZzZNBhVRdI5agfGxWPUTujrZZ6YYDlhY